@article{letcher, 
   author = "Letcher, A.",
   year = "2007.",
   title = "Mad Thoughts on Mushrooms: Discourse and Power in the study of psychedelic conciousness.",
   journal = "Anthropology of conciousness.",
   volume = "18.",
   issue = "2",
   pages = "74-97.",
    DOI =  "10.1525/ac.2007.18.2.74"
}

@article{rager,
   author = "Rager, J.",
   year = "2003.",
   title = "Peyote and the Psychedelics: 20th Century Perceptions of the Religious Use of Psychoactive Substances.",
   journal = "The Dentison Journal of Religion.",
   volume = "XII",
   number = "1",
   DOI = "http://ohio5.openrepository.com/ohio5/bitstream/11282/306650/1/e-journal"
}

@article{watts,
   author = "Watts, A.",
   year =  "1968.",
   title = "Psychedelics and Religious Experience.",
   journal = "California Law Review.",
   volume = "56.",
   number =  "1.",
   pages  =  "74-85.",
    DOI = "http://www.jstor.org/stable/3479497"
}

@misc{ wiki,
    author = "Wikipedia",
    title = "List of psychedelic drugs --- {W}ikipedia{,} The Free Encyclopedia",
    year = "2016",
    url = "\url{https://en.wikipedia.org/wiki/List_of_psychedelic_drugs}",
    note = "[Online; accessed 15-December-2016]"
}    

@misc{Lancaster,
    author = "Lancaster University",
    title = "Comparing frequencies for corpora of different sizes",
    url = "\url{https://www.lancaster.ac.uk/fss/courses/ling/corpus/blue/l05_3.htm}",
    note = "[Online; accessed 15-December-2016]"
}    
    